<?xml version="1.0" encoding="UTF-8"?><collection xmlns="http://www.loc.gov/MARC21/slim"><record><leader>00468nam--2200169-i-4500</leader><controlfield tag="001">000042756</controlfield><controlfield tag="002">20161230</controlfield><controlfield tag="005">20161230201043</controlfield><controlfield tag="008">060222s1000------------r-----000-0-eng-d</controlfield><datafield ind1=" " ind2=" " tag="080"><subfield code="a">539</subfield></datafield><datafield ind1="1" ind2=" " tag="100"><subfield code="a">Stearns,Robert L</subfield></datafield><datafield ind1="1" ind2="0" tag="245"><subfield code="a">Basic concepts of nuclear physics</subfield><subfield code="c">Robert l. stearns</subfield></datafield><datafield ind1=" " ind2=" " tag="260"><subfield code="a">New York</subfield><subfield code="b">Reinhold Book Corporation</subfield><subfield code="c">1968</subfield></datafield><datafield ind1=" " ind2=" " tag="300"><subfield code="a">X+ 118 P</subfield></datafield><datafield ind1=" " ind2=" " tag="490"><subfield code="a">Reinhold Physics Textbook Series</subfield></datafield><datafield ind1=" " ind2=" " tag="852"><subfield code="a">32886</subfield><subfield code="c">539</subfield></datafield><datafield ind1=" " ind2=" " tag="CAT"><subfield code="a">Sys</subfield><subfield code="c">20111006</subfield><subfield code="h">104411</subfield></datafield></record></collection>